<record><leader>00000cas a22000007a 4500</leader><controlfield tag="001">15175136</controlfield><controlfield tag="008">870210d18601866iauwr ne      0    0eng d</controlfield><datafield ind1=" " ind2=" " tag="010"><subfield code="a">sn 87058032 </subfield></datafield><datafield ind1=" " ind2=" " tag="040"><subfield code="a">INP</subfield><subfield code="b">eng</subfield><subfield code="c">INP</subfield><subfield code="d">OCLCQ</subfield></datafield><datafield ind1=" " ind2=" " tag="042"><subfield code="a">msc</subfield></datafield><datafield ind1="0" ind2="0" tag="245"><subfield code="a">Decorah Iowa republic.</subfield></datafield><datafield ind1="3" ind2="0" tag="246"><subfield code="a">Decorah republic</subfield></datafield><datafield ind1=" " ind2=" " tag="260"><subfield code="a">Decorah, Winneshiek County, Iowa :</subfield><subfield code="b">Wesley Bailey &amp; Son.,</subfield><subfield code="c">1860-1866.</subfield></datafield><datafield ind1=" " ind2=" " tag="300"><subfield code="a">7 v. :</subfield><subfield code="b">ill. ;</subfield><subfield code="c">61 cm.</subfield></datafield><datafield ind1=" " ind2=" " tag="310"><subfield code="a">Weekly</subfield></datafield><datafield ind1="0" ind2=" " tag="362"><subfield code="a">[Vol. 1, no. 1] (Apr. 13, 1860)-v. 7, no. 9 (Mar. 8, 1866).</subfield></datafield><datafield ind1=" " ind2=" " tag="515"><subfield code="a">Issue for Apr. 13, 1860 called v. 1 and lacks issue no. but constitutes v. 1, no. 1.</subfield></datafield><datafield ind1=" " ind2=" " tag="752"><subfield code="a">United States</subfield><subfield code="b">Iowa</subfield><subfield code="c">Winneshiek</subfield><subfield code="d">Decorah.</subfield></datafield><datafield ind1="0" ind2="0" tag="780"><subfield code="t">Decorah gazette</subfield><subfield code="w">(DLC)sn 87058236</subfield></datafield><datafield ind1="0" ind2="0" tag="785"><subfield code="t">Decorah Iowa Republican</subfield><subfield code="w">(DLC)sn 87058237</subfield></datafield></record>